@misc{cove,
  title={Learned in Translation: Contextualized Word Vectors},
  author={Bryan McCann and James Bradbury and Caiming Xiong and Richard Socher},
  year={2017}
}

@misc{elmo,
  title={Extending a Parser to Distant Domains Using a Few Dozen Partially Annotated Examples},
  author={Vidur Joshi and Matthew Peters and Mark Hopkins},
  year={2018}
}

@misc{word2vec,
  title={Efficient Estimation of Word Representations in Vector Space},
  author={Tomas Mikolov and Kai Chen and Greg Corrado and Jeffrey Dean},
  year={2013}
}

@misc{fastText,
  title={Enriching Word Vectors with Subword Information},
  author={Bojanowski, Piotr and Grave, Edouard and Joulin, Armand and Mikolov, Tomas},
  year={2017}
}
