@misc{focused_hierarchical_rnns,
  title={Focused Hierarchical RNNs for Conditional Sequence Processing},
  author={Nan Rosemary Ke and Konrad {\.Z}o{\l}na and Alessandro Sordoni and et al},
  year={2018}
}